@Article{Shah2020_ipf_covid19,
  author =       {Ajay Shah},
  title =        {Indian health policy in the light of Covid-19: The puzzles of state capacity and institutional design},
  journal =      {India Policy Forum},
  year =         {2020 (forthcoming)}}
@Book{ks2019_isotr,
  author = 	 {Vijay Kelkar and Ajay Shah},
  title = 	 {{In Service of the Republic: The Art and Science of Economic Policy}},
  publisher = 	 {Penguin Allen Lane},
  year = 	 2019,
  month = 	 {November},
  url =          {http://www.mayin.org/ajayshah/books/isotr2019.html}
}
@InCollection{RoySSS2019_state_capacity_for_regulation,
  author = 	 {Shubho Roy and Ajay Shah and B. N. Srikrishna and Somasekhar Sundaresan},
  title = 	 {Building State capacity for regulation in India},
  booktitle =    {Regulation in India: Design, Capacity, Performance},
  publisher =    {Oxford: Hart Publishing},
  year = 	 {2019},
  editor = 	 {Devesh Kapur and Madhav Khosla},
  url =          {http://macrofinance.nipfp.org.in/releases/RSSS_building-state-capacity.html}
}
@InCollection{KrishnanBurman2019_sra,
  author = 	 {K. P. Krishnan and Anirudh Burman},
  title = 	 {Statutory regulatory authorities: {Evolution} and impact},
  booktitle =    {Regulation in India: Design, Capacity, Performance},
  publisher =    {Hart Publishing},
  year = 	 {2019},
  editor = 	 {Devesh Kapur and Madhav Khosla}
}
                  
@Book{KapurKhosla2019_india_regulation,
  editor =    {Devesh Kapur and Madhav Khosla},
  title =        {Regulation in {India}: {Design}, capacity, performance},
  publisher =    {Hart Publishing},
  year =         2019,
  url =          {https://www.bloomsbury.com/uk/regulation-in-india-design-capacity-performance-9781509927562/}

}

@TechReport{SaneShahZaveri2021_card_data,
  author =       {Renuka Sane and Ajay Shah and Bhargavi Zaveri},
  title =        {Should consumers be prohibited from storing card data on the internet?},
  institution =  {xKDR Forum},
  year =         2021,
  number =    3,
  month =     5,
  url =          {https://xkdr.org/releases/SaneShahZaveri2021_card_data_storage_prohibited.html}
}

@TechReport{JaitlyShah2021_coconut,
  author =       {Akshay Jaitly and Ajay Shah},
  title =        {The lowest hanging fruit on the coconut tree: India's climate transition through the price system in the power sector},
  institution =  {xKDR Forum},
  year =         2021,
  number =    9,
  month =     10,
  url =          {https://xkdr.org/releases/jaitlyShah2021_lowest_coconut.html}
}

@Article{Sahoo2012_separation,
  author =       {M. S. Sahoo},
  title =        {Political economy of neo-governments},
  journal =      {Chartered secretary},
  year =         2012,
  pages =     {1530--1544},
  url =          {https://scholar.google.nl/citations?view_op=view_citation&hl=nl&user=BHNHLvwAAAAJ&citation_for_view=BHNHLvwAAAAJ:2osOgNQ5qMEC}
}

@TechReport{Narain2016-building-ibbi,
  author =       {Ravi Narain},
  title =        {Building the {Insolvency and Bankruptcy Board of India}},
  institution =  {Ministry of Company Affairs},
  year =         2016,
  url =          {https://web.archive.org/web/20170922121138/http://www.ibbi.gov.in/Wg-01%20Report.pdf}
}
                  
@Book{MOF21,
  author = {Vijay Kelkar},
  title = {Ministry of Finance for the 21st Century},
  publisher = {Ministry of Finance},
  year = 2004
}
                  
@Book{AndrewsPW2017bsc,
  author =       {Matt Andrews and Lant Pritchett and Michael Woolcock},
  title =        {Building {State} capacity},
  publisher =    {Oxford},
  year =         2017,
  url =          {https://bsc.cid.harvard.edu/building-state-capability-evidence-analysis-action}
}
                  
@Book{FSLRCv1,
  author = {B. N. Srikrishna},
  title = {Report of the Financial Sector Legislative Reforms Commission, volume 1},
  publisher = {Ministry of Finance},
  year = 2013,
  month = 3,
  URL = {https://dea.gov.in/sites/default/files/fslrc_report_vol1_1.pdf}
}

@Book{IFC11,
  author =    {FSLRC},
  title =        {Indian Financial Code},
  publisher =    {Ministry of Finance},
  year =         2015,
  edition =   {1.1},
  URL = {https://goo.gl/hdAQoW},
  month =       7}

@TechReport{WG2010capcontrols,
  author =       {U. K. Sinha},
  title =        {Working Group on Foreign Investment},
  institution =  {Department of Economic Affairs, Ministry of Finance},
  year =         2010,
  type =         {Committee Report},
  url =          {https://www.finmin.nic.in/sites/default/files/WGFI.pdf}
}

@TechReport{CFSR2008,
  author =       {Raghuram Rajan},
  title =        {Committee for Financial Sector Reforms},
  institution =  {Planning Commission, Government of India},
  year =         2008,
  type =         {Committee Report},
  url = {https://web.archive.org/web/20190210134845/http://planningcommission.nic.in/reports/genrep/rep_fr/cfsr_all.pdf}
}

@TechReport{MIFC2007,
  author =       {Percy Mistry},
  title =        {Making {Mumbai} an International Financial Centre},
  institution =  {Sage Publishing and Ministry of Finance, Government of India},
  year =         2007,
  type =         {Committee Report},
  url =          {https://dea.gov.in/sites/default/files/mifcreport.pdf}
}

@Book{TKVv1,
  author =    {T. K. Viswanathan},
  title =        {Bankruptcy Law Reforms Committee: Rationale and Design},
  publisher =    {Ministry of Finance},
  year =         2015,
  URL = {https://goo.gl/W4KLXc},
  month =        11}

@Article{Shah2016_drawing_lines,
  author =       {Ajay Shah},
  title =        {Ministry vs. regulator: {How} to draw the lines},
  journal =      {Business Standard},
  year =         2016,
  month =     10,
  url =          {http://www.mayin.org/ajayshah/MEDIA/2016/department_vs_regulator.html}
}

@TechReport{FSLRC_handbook_2015,
  author =       {{Ministry of Finance}},
  title =        {FSLRC Handbook},
  institution =  {Ministry of Finance},
  year =         2015,
  url =          {http://dea.gov.in/sites/default/files/Handbook_GovEnhanc_fslrc_2.pdf}
}
@TechReport{FSLRC_handbook_MIS_2015,
  author =       {{Ministry of Finance}},
  title =        {MIS for tracking compliance with FSLRC Handbook},
  institution =  {Ministry of Finance},
  year =         2015,
  url =          {http://dea.gov.in/sites/default/files/MIS_Handbook_GovEnhanc_fslrc_2.pdf}
}

@Article{RoyShah2015_payment_bank_entry_process,
  author =       {Shubho Roy and Ajay Shah},
  title =        {Payment bank entry process considered inconsistent with the rule of law},
  journal =      {The Leap Blog},
  year =         2015,
  month =     9,
  url =          {https://blog.theleapjournal.org/2015/09/payment-bank-entry-process-considered.html}
}

@Article{PattanaikSharma2015_multiple_instruments,
  author =       {Arpita Pattanaik and Anjali Sharma},
  title =        {Regulatory governance problems in the legislative function at RBI and SEBI },
  journal =      {The Leap Blog},
  year =         2015,
  month =     9,
  url =          {https://blog.theleapjournal.org/2015/09/regulatory-governance-problems-in.html}
}

@TechReport{GoyalSane2021_better_enforcement,
  author =       {Trishee Goyal and Renuka Sane},
  title =        {Towards better enforcement by regulatory agencies},
  institution =  {Data Governance Network},
  year =         2021,
  month =     1,
  url =          {https://datagovernance.org/files/research/1612454004.pdf}
}

@Article{BurmanZaveri2018_regulation_making_process,
  author =       {Anirudh Burman and Bhargavi Zaveri},
  title =        {Regulatory responsiveness in India: A normative and empirical framework for assessment},
  journal =      {William \& Mary Policy Review},
  year =         2018,
  volume =    9,
  number =    2,
  pages =     1--26,
  url =          {https://ifrogs.org/releases/BurmanZaveri2016_regulatoryresponsiveness.html}
}
@Article{AsthanaSaneVivek2021_whatsapp,
  author =       {Rajat Asthana and Renuka Sane and S. Vivek},
  title =        {An analysis of the {SEBI WhatsApp} Orders: {Some} observations on regulation-making and adjudication},
  journal =      {The Leap Blog},
  year =         2021,
  month =     5,
  url =          {https://blog.theleapjournal.org/2021/05/an-analysis-of-sebi-whatsapp-orders.html}
}
@TechReport{DamleBurman2020_rajasthan_land,
  author =       {Devendra Damle and Anirudh Burman},
  title =        {The Challenge of Building State Capacity in the Land Administration in {Rajasthan: Creating} a Regulatory Administration in Land},
  institution =  {NIPFP},
  year =         2020,
  month =     5,
  url =          {https://papers.ssrn.com/sol3/papers.cfm?abstract_id=3632780}
}

@Book{HL2021_democracy_denied,
  author =    {{Delegated powers and regulatory reform committee}},
  title =        {Democracy Denied? {The} urgent need to rebalance power between {Parliament} and the {Executive}},
  publisher =    {House of Lords},
  year =         2021,
  number =    106,
  address =   {London},
  month =     11,
  url =          {https://committees.parliament.uk/publications/7960/documents/82286/default/}
}
@Book{HL2021_power_to_parliament,
  author =    {{Secondary legislation scrutiny committee}},
  title =        {Government by diktat: {A} call to return power to {Parliament}},
  publisher =    {House of Lords},
  year =         2021,
  number =    105,
  address =   {London},
  month =     11,
  url =          {https://committees.parliament.uk/publications/7941/documents/82225/default/}
}
@TechReport{BaileyGSV2021_kyc,
  author =       {Rishab Bailey and Trishee Goyal and Renuka Sane and Ridhi Varma},
  title =        {Analysing {India's KYC} framework: {Can} we do things better?},
  institution =  {SSRN},
  year =         2021,
  month =     1,
  url =          {https://papers.ssrn.com/sol3/papers.cfm?abstract_id=3776008}
}
@Article{Krishnan2021_sebi_sop,
  author =       {K. P. Krishnan},
  title =        {'Judicial' regulation at SEBI},
  journal =      {Business Standard},
  year =         2021,
  month =     4,
  url =          {https://www.business-standard.com/article/opinion/judicial-regulation-at-sebi-121042701363_1.html}
}

@Article{Krishnan2021_SEBI_circulars,
  author =       {K. P. Krishnan},
  title =        {Regulation by circulars?},
  journal =      {Business Standard},
  year =         2021,
  month =     3,
  url =          {https://www.business-standard.com/article/opinion/regulation-by-circulars-121032501460_1.html}
}
@Article{Krishnan2021_dpa,
  author =       {K. P. Krishnan},
  title =        {Protection from {Data Protection Authority}},
  journal =      {Business Standard},
  year =         2021,
  month =     12,
  url =          {https://www.business-standard.com/article/opinion/protection-from-data-protection-authority-121122701177_1.html}
}

@Article{Krishnan2021_hr_sra,
  author =       {K. P. Krishnan},
  title =        {Human resources and regulatory autonomy},
  journal =      {Business Standard},
  year =         2021,
  month =     9,
  url =          {https://www.business-standard.com/article/opinion/human-resources-regulatory-autonomy-121092301711_1.html}
}

@Article{Krishnan2022_reg_eval,
  author =       {K. P. Krishnan},
  title =        {The complex world of regulators},
  journal =      {Business Standard},
  year =         2022,
  month =     6,
  annote =    {evaluation of regulators},
  url =          {https://www.business-standard.com/article/opinion/the-complex-world-of-regulators-122062001288_1.html}
}
@Article{Krishnan2022_rbi_pdm,
  author =       {K. P. Krishnan},
  title =        {Dealing with {RBI}'s policy dilemma},
  journal =      {Business Standard},
  year =         2022,
  month =     2,
  annote =    {pdm},
  url =          {https://www.business-standard.com/article/opinion/dealing-with-rbi-s-policy-dilemma-122022101457_1.html}
}
@Article{Krishnan2022_cb_and_rule_of_law,
  author =       {K. P. Krishnan},
  title =        {Central banks and the rule of law},
  journal =      {Business Standard},
  year =         2022,
  month =     5,
  url =          {https://www.business-standard.com/article/opinion/central-banks-and-the-rule-of-law-122051900078_1.html}
}
@TechReport{SaneVivek2022_disgorgement,
  author =       {Renuka Sane and S. Vivek},
  title =        {Reconsidering {SEBI} disgorgement},
  institution =  {NIPFP and NLS},
  year =         2022,
  month =     6,
  url =          {https://papers.ssrn.com/sol3/papers.cfm?abstract_id=4124724}
}

